% This file was created with JabRef 2.10b2.
% Encoding: Cp1252


@Book{Siegert200612,
  Title                    = {Betriebssysteme},
  Author                   = {Hans-JÃ¼rgen Siegert},
  Publisher                = {Oldenbourg Wissensch.Vlg},
  Year                     = {2006},
  Month                    = {12},

  ISBN                     = {9783486582116},
  Timestamp                = {2014.01.10},
  Url                      = {http://amazon.com/o/ASIN/3486582119/}
}

@Book{Williams201205,
  Title                    = {Mastering Magento},
  Author                   = {Bret Williams},
  Publisher                = {Packt Publishing},
  Year                     = {2012},
  Month                    = {5},

  ISBN                     = {9781849516945},
  Price                    = {$49.99},
  Timestamp                = {2013.11.19},
  Totalpages               = {300},
  Url                      = {http://amazon.com/o/ASIN/1849516944/}
}
