

@book{bussysteme.2017,
 author = {Werner Zimmermann, Ralf Schmidgall},
 year = {2014},
 title = {Bussysteme in der Fahrzeugtechnik},
 address = {Berlin Heidelberg},
 edition = {5},
 publisher = {Springer Vieweg}
}


@book{gsm.2017,
 author = {Martin Sauter},
 year = {2015},
 title = {Grundkurs Mobile Kommunikationssysteme},
 address = {KÃ¶ln},
 edition = {6},
 publisher = {Springer Vieweg}
}


@misc{struktur_gsm.2017,
author = {{Daniel Schmidt, Mario Wenzel}},
title = {Mobilfunknetze},
url = {http://wwws.htwk-leipzig.de/~mwenzel/ss11/mmgk2/GSM_Referat.pdf},
urldate = {18.01.2017},
note = {Zuletzt besucht am 18.01.2017}
}



